=LDR  01786 km a2200373 i 4500
=001  019936231
=003  Uk
=005  20200915152752.0
=007  cr\|n\024|pada
=007  kk\bo|
=008  200623s1670\\\\fr\nnn\\\\\\\\\\\\ineng\\
=040  \\$aUk$beng$cUk$erda
=042  \\$aukblproject
=100  1\$aHollar, Wenceslaus,$d1607-1677,$eprintmaker,$eartist.$0(isni)0000000121337372
=245  10$a[Angel predicting Christ's agony] /$cC. Stella inu: ; W. Hollar fecit.
=264  \1$aParis :$b[publisher not identified],$c1670.
=300  \\$a1 print : :$betching
=336  \\$astill image$2rdacontent
=337  \\$acomputer$2rdamedia
=338  \\$aonline$2rdacarrier
=380  \\$aPrints$2lcgft$0http://id.loc.gov/authorities/genreForms/gf2017027255
=520  3\$aChrist kneeling to left, facing an angel, kneeling before him and predicting his forthcoming agony; two putti among clouds supporting a wooden cross, three others carrying instruments of the Passion.
=600  07$aJesus Christ$2fast$0(OCoLC)fst00040116
=650  \7$aPassion of Jesus Christ.$2fast$0(OCoLC)fst01353950
=655  \7$aPrints.$2fast$0(OCoLC)fst01986254
=700  1\$aStella, Claudine,$d1636-1697,$eartist.$0(isni)0000000080260187
=773  0\$tOffice of the Holy Week according to the Missall and Roman Breviary$gfacing page 169$w(Uk)018207823$oDigital Store 3356.b.28
=852  4\$cDRT$jDigital Store 3356.b.28.$aBritish Library$bHMNTS
=884  \\$aTSV to MARC transformation$g20200915$qUk
=CAT  \\$aW2007-0642$c20200915$lBLL01$h1527
=CAT  \\$aW2007-0642$c20200915$lBLL01$h1532
=FMT  \\$a  VM
=LAS  \\$aW2007-0642$b00$c20200915$lBLL01$h1532
=LKR  \\$aANA$b018207823$lBLL01$m[Angel predicting Christ's agony]$nThe Office of the Holy Week according to the Missall and Roman Breviary$r773

