=LDR  01917 km a2200409 i 4500
=001  019936233
=003  Uk
=005  20200915152752.0
=007  cr\|n\024|pada
=007  kk\bo|
=008  200623s1670\\\\fr\nnn\\\\\\\\\\\\ineng\\
=040  \\$aUk$beng$cUk$erda
=042  \\$aukblproject
=100  1\$aHollar, Wenceslaus,$d1607-1677,$eprintmaker,$eartist.$0(isni)0000000121337372
=245  10$a[Crucifixion] /$cIacobus Palma inu: ; W. Hollar fecit.
=264  \1$aParis :$b[publisher not identified],$c1670.
=300  \\$a1 print : :$betching
=336  \\$astill image$2rdacontent
=337  \\$acomputer$2rdamedia
=338  \\$aonline$2rdacarrier
=380  \\$aPrints$2lcgft$0http://id.loc.gov/authorities/genreForms/gf2017027255
=520  3\$aChrist on the cross, flanked by the weeping Virgin Mary on the left and St John the Baptist on the right; St Mary Magdalene kneeling, embracing the cross.
=600  07$aJesus Christ$2fast$0(OCoLC)fst00040116
=600  07$aJohn,$cthe Baptist, Saint$2fast$0(OCoLC)fst00029179
=600  07$aMary,$cBlessed Virgin, Saint$2fast$0(OCoLC)fst00068107
=600  07$aMary Magdalene,$cSaint$2fast$0(OCoLC)fst00032964
=650  \7$aCrucifixion of Jesus Christ.$2fast$0(OCoLC)fst01352652
=655  \7$aPrints.$2fast$0(OCoLC)fst01986254
=700  1\$aPalma,$cil Vecchio,$d1480?-1528,$epainter.$0(isni)0000000107853397
=773  0\$tOffice of the Holy Week according to the Missall and Roman Breviary$gfacing page 303$w(Uk)018207823$oDigital Store 3356.b.28
=852  4\$cDRT$jDigital Store 3356.b.28.$aBritish Library$bHMNTS
=884  \\$aTSV to MARC transformation$g20200915$qUk
=CAT  \\$aW2007-0642$c20200915$lBLL01$h1527
=CAT  \\$aW2007-0642$c20200915$lBLL01$h1532
=FMT  \\$a  VM
=LAS  \\$aW2007-0642$b00$c20200915$lBLL01$h1532
=LKR  \\$aANA$b018207823$lBLL01$m[Crucifixion]$nThe Office of the Holy Week according to the Missall and Roman Breviary$r773

