=LDR  01911 km a2200397 i 4500
=001  019936258
=003  Uk
=005  20200915152753.0
=007  cr\|n\024|pada
=007  kk\bo|
=008  200623s1819\\\\enknnn\\\\\\\\\\\\ineng\\
=040  \\$aUk$beng$cUk$erda
=042  \\$aukblproject
=100  1\$aProut, Samuel,$d1783-1852,$eprintmaker,$eartist.$0(isni)0000000083397461
=245  10$a[Drawings of fences and cart] /$cS. Prout.
=264  \1$a[London] :$bPublished at R. Ackermann's, 101, Strand,$cFeby. 1 1819.
=300  \\$a1 print : :$bsoft-ground etching
=336  \\$astill image$2rdacontent
=337  \\$acomputer$2rdamedia
=338  \\$aonline$2rdacarrier
=380  \\$aPrints$2lcgft$0http://id.loc.gov/authorities/genreForms/gf2017027255
=500  \\$aNumbered '3' in top right corner of the plate.
=520  3\$aSix images printed from the same plate: in upper row two images of wooden fences; in lower row two stone slabs with stonemason's hammer nearby, a cart loaded with stone slabs, and a stone fence post.
=650  \7$aDrawing$xStudy and teaching.$2fast$0(OCoLC)fst00897749
=650  \7$aFences.$2fast$0(OCoLC)fst00922872
=650  \7$aCarriages and carts.$2fast$0(OCoLC)fst00847910
=655  \7$aPrints.$2fast$0(OCoLC)fst01986254
=700  1\$aAckermann, Rudolph,$d1764-1834,$epublisher.$0(isni)000000012307852X
=773  0\$tSeries of easy lessons in landscape-drawing, contained in forty plates$gplate 3$w(Uk)018600536$oDigital Store RB.31.a.6
=852  4\$cDRT$jDigital Store RB.31.a.6$aBritish Library$bHMNTS
=884  \\$aTSV to MARC transformation$g20200915$qUk
=CAT  \\$aW2007-0642$c20200915$lBLL01$h1527
=CAT  \\$aW2007-0642$c20200915$lBLL01$h1532
=FMT  \\$a  VM
=LAS  \\$aW2007-0642$b00$c20200915$lBLL01$h1532
=LKR  \\$aANA$b018600536$lBLL01$m[Drawings of fences and cart]$nA series of easy lessons in landscape-drawing, contained in forty plates$r773

