=LDR  01736 km a2200385 i 4500
=001  019936276
=003  Uk
=005  20200915152753.0
=007  cr\|n\024|pada
=007  kk\bo|
=008  200623s1854\\\\enknnn\\\\\\\\\\\\ineng\\
=040  \\$aUk$beng$cUk$erda
=042  \\$aukblproject
=100  1\$aSharpe, Charles William,$d1818-1899,$eprintmaker,$eartist.$0(isni)0000000067069556
=245  10$a[Portrait of J. M. W. Turner].
=264  \1$aLondon :$b[Joseph Hogarth],$c1854.
=300  \\$a1 print : :$bstipple
=336  \\$astill image$2rdacontent
=337  \\$acomputer$2rdamedia
=338  \\$aonline$2rdacarrier
=380  \\$aPrints$2lcgft$0http://id.loc.gov/authorities/genreForms/gf2017027255
=520  3\$aPortrait of J. M. W. Turner, half-length, in profile to left; signed below 'yours most truly / J M W Turner'.
=600  10$aTurner, J. M. W.$q(Joseph Mallord William),$d1775-1851,$edepicted.$0(isni)0000000121454990
=650  \7$aPortraits.$2fast$0(OCoLC)fst01072324
=655  \7$aPrints.$2fast$0(OCoLC)fst01986254
=700  1\$aOrsay, Alfred Guillaume Gabriel,$ccomte d',$d1801-1852,$eartist.$0(isni)0000000083533056
=700  1\$aHogarth, J.$q(Joseph),$epublisher.
=773  0\$tTurner and Girtin's picturesque views, sixty years since$gfrontispiece$w(Uk)014819187$oDigital Store 10350.f.25
=852  4\$cDRT$jDigital Store 10350.f.25.$aBritish Library$bHMNTS
=884  \\$aTSV to MARC transformation$g20200915$qUk
=CAT  \\$aW2007-0642$c20200915$lBLL01$h1527
=CAT  \\$aW2007-0642$c20200915$lBLL01$h1532
=FMT  \\$a  VM
=LAS  \\$aW2007-0642$b00$c20200915$lBLL01$h1532
=LKR  \\$aANA$b014819187$lBLL01$m[Portrait of J. M. W. Turner]$nTurner and Girtin's picturesque views, sixty years since$r773

