=LDR  01808 km a2200385 i 4500
=001  019936278
=003  Uk
=005  20200915152753.0
=007  cr\|n\024|pada
=007  kk\bo|
=008  200623s1854\\\\enknnn\\\\\\\\\\\\ineng\\
=040  \\$aUk$beng$cUk$erda
=042  \\$aukblproject
=100  1\$aWalker, John,$dactive 1784-1802,$eprintmaker,$eartist.
=245  10$aWoolwich /$cengraved by J. Walker, from a drawing by T Girtin.
=264  \1$aLondon :$b[Joseph Hogarth],$c1854.
=300  \\$a1 print : :$betching and engraving
=336  \\$astill image$2rdacontent
=337  \\$acomputer$2rdamedia
=338  \\$aonline$2rdacarrier
=380  \\$aPrints$2lcgft$0http://id.loc.gov/authorities/genreForms/gf2017027255
=520  3\$aDistant view of Woolwich, now part of Southeast London, from a hill road; a woman conversing with the driver of a horse-drawn wagon in centre foreground, and two men under a tree on the left; a church and other buildings seen in background.
=650  \7$aCities and towns.$2fast$0(OCoLC)fst00861748
=651  \7$aEngland$zLondon$zWoolwich.$2fast$0(OCoLC)fst01312042
=655  \7$aPrints.$2fast$0(OCoLC)fst01986254
=700  1\$aGirtin, Thomas,$d1775-1802,$eartist.$0(isni)0000000083430751
=700  1\$aHogarth, J.$q(Joseph),$epublisher.
=773  0\$tTurner and Girtin's picturesque views, sixty years since$gfacing page 102$w(Uk)014819187$oDigital Store 10350.f.25
=852  4\$cDRT$jDigital Store 10350.f.25.$aBritish Library$bHMNTS
=884  \\$aTSV to MARC transformation$g20200915$qUk
=CAT  \\$aW2007-0642$c20200915$lBLL01$h1527
=CAT  \\$aW2007-0642$c20200915$lBLL01$h1532
=FMT  \\$a  VM
=LAS  \\$aW2007-0642$b00$c20200915$lBLL01$h1532
=LKR  \\$aANA$b014819187$lBLL01$mWoolwich$nTurner and Girtin's picturesque views, sixty years since$r773

