=LDR  01863 km a2200385 i 4500
=001  019936287
=003  Uk
=005  20200915152754.0
=007  cr\|n\024|pada
=007  kk\bo|
=008  200623s1854\\\\enknnn\\\\\\\\\\\\ineng\\
=040  \\$aUk$beng$cUk$erda
=042  \\$aukblproject
=100  1\$aWalker, John,$dactive 1784-1802,$eprintmaker,$eartist.
=245  10$aChrist Church Abbey Hampshire /$cengraved by J. Walker, from a drawing by T. Girtin.
=264  \1$aLondon :$b[Joseph Hogarth],$c1854.
=300  \\$a1 print : :$betching and engraving
=336  \\$astill image$2rdacontent
=337  \\$acomputer$2rdamedia
=338  \\$aonline$2rdacarrier
=380  \\$aPrints$2lcgft$0http://id.loc.gov/authorities/genreForms/gf2017027255
=520  3\$aView of Christ Church Abbey, formerly in Hampshire, now in Dorset and known as Christ Church Priory; two figures conversing on a road along the side of the building in foreground on the right; top section of the crenellated bell tower seen in the distance.
=650  \7$aPriories.$2fast$0(OCoLC)fst01076990
=651  \7$aEngland$zChristchurch (Dorset)$2fast$0(OCoLC)fst01314803
=655  \7$aPrints.$2fast$0(OCoLC)fst01986254
=700  1\$aGirtin, Thomas,$d1775-1802,$eartist.$0(isni)0000000083430751
=700  1\$aHogarth, J.$q(Joseph),$epublisher.
=773  0\$tTurner and Girtin's picturesque views, sixty years since$gfacing page 143$w(Uk)014819187$oDigital Store 10350.f.25
=852  4\$cDRT$jDigital Store 10350.f.25.$aBritish Library$bHMNTS
=884  \\$aTSV to MARC transformation$g20200915$qUk
=CAT  \\$aW2007-0642$c20200915$lBLL01$h1527
=CAT  \\$aW2007-0642$c20200915$lBLL01$h1532
=FMT  \\$a  VM
=LAS  \\$aW2007-0642$b00$c20200915$lBLL01$h1532
=LKR  \\$aANA$b014819187$lBLL01$mChrist Church Abbey Hampshire$nTurner and Girtin's picturesque views, sixty years since$r773

