=LDR  01832 km a2200397 i 4500
=001  019936296
=003  Uk
=005  20200915152754.0
=007  cr\|n\024|pada
=007  kk\bo|
=008  200623s1854\\\\enknnn\\\\\\\\\\\\ineng\\
=040  \\$aUk$beng$cUk$erda
=042  \\$aukblproject
=100  1\$aWalker, John,$dactive 1784-1802,$eprintmaker,$eartist.
=245  10$aElgin Cathedral, Morayshire /$cengraved by J. Walker, from a drawing by Turner, the sketch made by Moore.
=264  \1$aLondon :$b[Joseph Hogarth],$c1854.
=300  \\$a1 print : :$betching and engraving
=336  \\$astill image$2rdacontent
=337  \\$acomputer$2rdamedia
=338  \\$aonline$2rdacarrier
=380  \\$aPrints$2lcgft$0http://id.loc.gov/authorities/genreForms/gf2017027255
=520  3\$aView of the remains of Elgin Cathedral in Morayshire, with two figures in foreground on the right, cattle and sheep on the left.
=650  \7$aCathedrals.$2fast$0(OCoLC)fst00849073
=651  \7$aScotland$zElgin.$2fast$0(OCoLC)fst01250340
=655  \7$aPrints.$2fast$0(OCoLC)fst01986254
=700  1\$aTurner, J. M. W.$q(Joseph Mallord William),$d1775-1851,$eartist.$0(isni)0000000121454990
=700  1\$aMoore, James$c(Engraver)$q(Engraver),$eartist.
=700  1\$aHogarth, J.$q(Joseph),$epublisher.
=773  0\$tTurner and Girtin's picturesque views, sixty years since$gfacing page 53$w(Uk)014819187$oDigital Store 10350.f.25
=852  4\$cDRT$jDigital Store 10350.f.25.$aBritish Library$bHMNTS
=884  \\$aTSV to MARC transformation$g20200915$qUk
=CAT  \\$aW2007-0642$c20200915$lBLL01$h1527
=CAT  \\$aW2007-0642$c20200915$lBLL01$h1532
=FMT  \\$a  VM
=LAS  \\$aW2007-0642$b00$c20200915$lBLL01$h1532
=LKR  \\$aANA$b014819187$lBLL01$mElgin Cathedral, Morayshire$nTurner and Girtin's picturesque views, sixty years since$r773

