=LDR  02068ckm a2200397 i 4500
=001  019936340
=003  Uk
=005  20200915152755.0
=007  cr\|n\024|pada
=007  kk\bo|
=008  200623s1573\\\\gw\nnn\\\\\\\\\\\\ineng\\
=040  \\$aUk$beng$cUk$erda
=042  \\$aukblproject
=245  05$a[The Countess].
=264  \1$aCologne :$b[heirs of Arnold Birckman],$c1573.
=300  \\$a1 print : :$bwoodcut
=336  \\$astill image$2rdacontent
=337  \\$acomputer$2rdamedia
=338  \\$aonline$2rdacarrier
=380  \\$aPrints$2lcgft$0http://id.loc.gov/authorities/genreForms/gf2017027255
=500  \\$aBased on (but not exact copy of) the corresponding print from the 'Dance of Death' series of illustrations designed by Hans Holbein the Younger, which were first published with text in the book titled 'Les simulachres & historiees faces de la mort, avtant elegamment pourtraictes, que artificiellement imagines' by Melchior and Gaspar Trechsel, Lyon, 1538. The composition of this print is in reverse of the original print after Holbein's design.
=520  3\$aA skeleton representing Death putting a necklace made of bones around the neck of a countess, as she is given beautiful clothes by her maid, standing on the left; hourglass on a chest in foreground.
=650  \7$aDance of death.$2fast$0(OCoLC)fst00887548
=650  \7$aNobility.$2fast$0(OCoLC)fst01038255
=655  \7$aPrints.$2fast$0(OCoLC)fst01986254
=700  1\$aHolbein, Hans,$d1497?-1543,$eoriginator.$0(isni)0000000120987816
=710  2\$aArnold Birckmanns Erben,$epublisher.
=773  0\$tImagines mortis$gsignature C4 recto$w(Uk)017742733$oDigital Store 554.a.9
=852  4\$cDRT$jDigital Store 554.a.9.$aBritish Library$bHMNTS
=884  \\$aTSV to MARC transformation$g20200915$qUk
=CAT  \\$aW2007-0642$c20200915$lBLL01$h1527
=CAT  \\$aW2007-0642$c20200915$lBLL01$h1532
=CAT  \\$aBATCH-UPD$b00$c20220611$lBLL01$h1726
=FMT  \\$a  VM
=LAS  \\$aBATCH-UPD$b00$c20220611$lBLL01$h1726
=LKR  \\$aANA$b017742733$lBLL01$m[The Countess]$nImagines mortis$r773

