=LDR  02144ckm a2200397 i 4500
=001  019936353
=003  Uk
=005  20200915152755.0
=007  cr\|n\024|pada
=007  kk\bo|
=008  200623s1573\\\\gw\nnn\\\\\\\\\\\\ineng\\
=040  \\$aUk$beng$cUk$erda
=042  \\$aukblproject
=245  05$a[The Beggar].
=264  \1$aCologne :$b[heirs of Arnold Birckman],$c1573.
=300  \\$a1 print : :$bwoodcut
=336  \\$astill image$2rdacontent
=337  \\$acomputer$2rdamedia
=338  \\$aonline$2rdacarrier
=380  \\$aPrints$2lcgft$0http://id.loc.gov/authorities/genreForms/gf2017027255
=500  \\$aBased on (but not exact copy of) the corresponding print added to the 'Dance of Death' series of illustrations designed by Hans Holbein the Younger, first published with text as part of this series in the book titled 'Imagines Mortis. Duodecim Imaginibus prter priores, totidemque inscriptionibus prter epigrammata e Gallicis a Georgio Aemylio in Latinum versa, cumulat' by Ioannes Frellonius, Lyon, 1547. The composition of this print is in reverse of the original print after Holbein's design.
=520  3\$aA nearly naked beggar with bandaged leg sitting on straw in a street, directed to left, looking up towards the sky; four figures entering the arched entrance of a building behind; two figures looking down from balconies.
=650  \7$aDance of death.$2fast$0(OCoLC)fst00887548
=650  \7$aBeggars.$2fast$0(OCoLC)fst00829865
=655  \7$aPrints.$2fast$0(OCoLC)fst01986254
=700  1\$aHolbein, Hans,$d1497?-1543,$eoriginator.$0(isni)0000000120987816
=710  2\$aArnold Birckmanns Erben,$epublisher.
=773  0\$tImagines mortis$gsignature D2 verso$w(Uk)017742733$oDigital Store 554.a.9
=852  4\$cDRT$jDigital Store 554.a.9.$aBritish Library$bHMNTS
=884  \\$aTSV to MARC transformation$g20200915$qUk
=CAT  \\$aW2007-0642$c20200915$lBLL01$h1527
=CAT  \\$aW2007-0642$c20200915$lBLL01$h1532
=CAT  \\$aBATCH-UPD$b00$c20220611$lBLL01$h1726
=FMT  \\$a  VM
=LAS  \\$aBATCH-UPD$b00$c20220611$lBLL01$h1726
=LKR  \\$aANA$b017742733$lBLL01$m[The Beggar]$nImagines mortis$r773

