=LDR  01331 km a2200337 i 4500
=001  019936436
=003  Uk
=005  20200915152756.0
=007  cr\|n\024|pada
=007  kk\bo|
=008  200623s1670\\\\fr\nnn\\\\\\\\\\\\ineng\\
=040  \\$aUk$beng$cUk$erda
=042  \\$aukblproject
=245  00$a[Decorative tailpiece].
=264  \1$aParis :$b[Printed by the Widow Chrestien],$c1670.
=300  \\$a1 print : :$bwoodcut
=336  \\$astill image$2rdacontent
=337  \\$acomputer$2rdamedia
=338  \\$aonline$2rdacarrier
=380  \\$aPrints$2lcgft$0http://id.loc.gov/authorities/genreForms/gf2017027255
=520  3\$aDecorative tailpiece with mask and scrolling foliage.
=655  \7$aPrints.$2fast$0(OCoLC)fst01986254
=700  1\$aChrestien,$cWidow,$eprinter.
=773  0\$tOffice of the Holy Week according to the Missall and Roman Breviary$gpage 572$w(Uk)018207823$oDigital Store 3356.b.28
=852  4\$cDRT$jDigital Store 3356.b.28.$aBritish Library$bHMNTS
=884  \\$aTSV to MARC transformation$g20200915$qUk
=CAT  \\$aW2007-0642$c20200915$lBLL01$h1527
=CAT  \\$aW2007-0642$c20200915$lBLL01$h1532
=FMT  \\$a  VM
=LAS  \\$aW2007-0642$b00$c20200915$lBLL01$h1532
=LKR  \\$aANA$b018207823$lBLL01$m[Decorative tailpiece]$nThe Office of the Holy Week according to the Missall and Roman Breviary$r773

