=LDR  01353 km a2200337 i 4500
=001  019936448
=003  Uk
=005  20200915152756.0
=007  cr\|n\024|pada
=007  kk\bo|
=008  200623s1573\\\\gw\nnn\\\\\\\\\\\\ineng\\
=040  \\$aUk$beng$cUk$erda
=042  \\$aukblproject
=245  00$a[Publisher's device].
=264  \1$aCologne :$b[heirs of Arnold Birckman],$c1573.
=300  \\$a1 print : :$bwoodcut
=336  \\$astill image$2rdacontent
=337  \\$acomputer$2rdamedia
=338  \\$aonline$2rdacarrier
=380  \\$aPrints$2lcgft$0http://id.loc.gov/authorities/genreForms/gf2017027255
=520  3\$aDevice of the publisher Arnold Birckman within an oval, featuring a hen standing to left on grass, birch tree in background, and cartouche in foreground lettered with 'Arnold Birckman'.
=655  \7$aPrints.$2fast$0(OCoLC)fst01986254
=710  2\$aArnold Birckmanns Erben,$epublisher.
=773  0\$tImagines mortis$gtitle page$w(Uk)017742733$oDigital Store 554.a.9
=852  4\$cDRT$jDigital Store 554.a.9.$aBritish Library$bHMNTS
=884  \\$aTSV to MARC transformation$g20200915$qUk
=CAT  \\$aW2007-0642$c20200915$lBLL01$h1527
=CAT  \\$aW2007-0642$c20200915$lBLL01$h1532
=FMT  \\$a  VM
=LAS  \\$aW2007-0642$b00$c20200915$lBLL01$h1532
=LKR  \\$aANA$b017742733$lBLL01$m[Publisher's device]$nImagines mortis$r773

