=LDR  02822nkm a2200481 i 4500
=001  021164501
=003  Uk
=005  20230804124916.0
=007  kj\|o|
=008  230703s1809\\\\it\nnn\|\\\\\||\\\i|ita\\
=040  \\$aUk$beng$cUk
=042  \\$aukblproject
=100  1\$aRosaspina, Francesco,$d1762-1841,$eprintmaker.$1http://isni.org/isni/0000000115566339
=245  10$a[Men in classical armour driven in a chariot drawn by nereids riding dolphins] /$c[etched by Francesco Rosaspina after Carraci].
=264  \1$aParma :$b[Giambattista Bodoni],$c1809.
=264  \3$a[Parma] :$b[Giambattista Bodoni],$c[1809]
=300  \\$a1 print :$betching ;$con sheet 119 x 167 mm
=336  \\$astill image$2rdacontent
=337  \\$aunmediated$2rdamedia
=338  \\$asheet$2rdacarrier
=340  \\$apaper
=380  \\$aPrints$2lcgft$1http://id.loc.gov/authorities/genreForms/gf2017027255
=500  \\$aThis plates comes from Bodoni's 'Parma Gallery', a series of plates reproducing paintings then in Parma. It was published as a book by Giambattista Bodoni in Parma (from his own press) in 1809. None of the plates bears any lettering, however the preface names Francesco Vieira as the draughtsman and Francesco Rosaspina as the engraver.
=510  4\$aBritish Museum catalogue,$c1852,0612.383
=520  \\$aMen in classical armour driven in a chariot drawn by nereids riding dolphins, after Agostino Carracci.
=561  \\$aCopy at 1266.g.6.(25.). Part of King George III's Library. Donated to the nation by King George IV (1762-1830).$5Uk
=580  \\$aPrint number 25 within the volume at 1266.g.6.
=650  \7$aChariots.$2fast$0(OCoLC)fst00852361
=650  \7$aNereids (Greek mythology)$2fast$0(OCoLC)fst01036031
=655  \7$aEtchings.$2fast$0(OCoLC)fst01986248
=655  \7$aPrints.$2fast$0(OCoLC)fst01986254
=700  0\$aGeorge$bIII,$cKing of Great Britain,$d1738-1820,$eformer owner.$1http://isni.org/isni/0000000108986255$5Uk
=700  0\$aGeorge$bIV,$cKing of Great Britain,$d1762-1830,$edonor.$1http://isni.org/isni/0000000382368062$5Uk
=700  1\$aCarracci, Agostino,$d1557-1602,$eartist.$1http://isni.org/isni/0000000121357445
=700  1\$aVieira, Francisco,$d1765-1805,$edraftsman.$1http://isni.org/isni/000000006658496X
=773  0\$tPiu insigni pitture parmensi, indicate agli amatori delle belle arti$w(Uk)017524221
=852  4\$aBritish Library$bHMNTS$cDRT$jDigital Store 1266.g.6.
=985  \\$aUpgraded from British Museum record no: 1852,0612.383
=CAT  \\$a14185$b40$c20230804$lBLL01$h1249
=FIN  \\$aY$d20230802
=FMT  \\$a  VM
=LAS  \\$a14185$b40$c20230804$lBLL01$h1249
=LKR  \\$aANA$r773$b017524221$lBLL01$m[Men in classical armour driven in a chariot drawn by nereids riding dolphins]$nLe piu insigni pitture parmensi, indicate agli amatori delle belle arti

