=LDR  02907nkm a2200505 i 4500
=001  021164521
=003  Uk
=005  20230804130658.0
=007  kj\|o|
=008  230703s1809\\\\it\nnn\|\\\\\||\\\i|ita\\
=040  \\$aUk$beng$cUk
=042  \\$aukblproject
=100  1\$aRosaspina, Francesco,$d1762-1841,$eprintmaker.$1http://isni.org/isni/0000000115566339
=245  10$a[Holy family] /$c[etched by Francesco Rosaspina after Siciolante].
=264  \1$aParma :$b[Giambattista Bodoni],$c1809.
=264  \3$a[Parma] :$b[Giambattista Bodoni],$c[1809]
=300  \\$a1 print :$betching ;$con sheet 169 x 120 mm
=336  \\$astill image$2rdacontent
=337  \\$aunmediated$2rdamedia
=338  \\$asheet$2rdacarrier
=340  \\$apaper
=380  \\$aPrints$2lcgft$1http://id.loc.gov/authorities/genreForms/gf2017027255
=500  \\$aThis plates comes from Bodoni's 'Parma Gallery', a series of plates reproducing paintings then in Parma. It was published as a book by Giambattista Bodoni in Parma (from his own press) in 1809. None of the plates bears any lettering, however the preface names Francesco Vieira as the draughtsman and Francesco Rosaspina as the engraver.
=510  4\$aBritish Museum catalogue,$c1852,0612.401
=520  \\$aHoly family, with the Virgin and child seated at centre, the infant Baptist and St Joseph standing on the right, St Michael standing on the left, and an angel playing lute at his feet.
=561  \\$aCopy at 1266.g.6.(43.). Part of King George III's Library. Donated to the nation by King George IV (1762-1830).$5Uk
=580  \\$aPrint number 43 within the volume at 1266.g.6.
=600  07$aJohn,$cthe Baptist, Saint$2fast$0(OCoLC)fst00029179
=600  07$aJoseph,$cSaint$2fast$0(OCoLC)fst00047668
=600  07$aMichael$c(Archangel)$2fast$0(OCoLC)fst00458379
=650  \7$aChristian saints.$2fast$0(OCoLC)fst00859491
=655  \7$aEtchings.$2fast$0(OCoLC)fst01986248
=655  \7$aPrints.$2fast$0(OCoLC)fst01986254
=700  0\$aGeorge$bIII,$cKing of Great Britain,$d1738-1820,$eformer owner.$1http://isni.org/isni/0000000108986255$5Uk
=700  0\$aGeorge$bIV,$cKing of Great Britain,$d1762-1830,$edonor.$1http://isni.org/isni/0000000382368062$5Uk
=700  1\$aSiciolante, Girolamo,$d1521-1575,$eartist.$1http://isni.org/isni/0000000081148664
=700  1\$aVieira, Francisco,$d1765-1805,$edraftsman.$1http://isni.org/isni/000000006658496X
=773  0\$tPiu insigni pitture parmensi, indicate agli amatori delle belle arti$w(Uk)017524221
=852  4\$aBritish Library$bHMNTS$cDRT$jDigital Store 1266.g.6.
=985  \\$aUpgraded from British Museum record no: 1852,0612.401
=CAT  \\$a14185$b40$c20230804$lBLL01$h1306
=FIN  \\$aY$d20230802
=FMT  \\$a  VM
=LAS  \\$a14185$b40$c20230804$lBLL01$h1306
=LKR  \\$aANA$r773$b017524221$lBLL01$m[Holy family]$nLe piu insigni pitture parmensi, indicate agli amatori delle belle arti

