=LDR  03294nkm a2200529 i 4500
=001  021164525
=003  Uk
=005  20230804131057.0
=007  kj\|o|
=008  230703s1809\\\\it\nnn\|\\\\\||\\\i|ita\\
=040  \\$aUk$beng$cUk
=042  \\$aukblproject
=100  1\$aRosaspina, Francesco,$d1762-1841,$eprintmaker.$1http://isni.org/isni/0000000115566339
=245  15$a[The mystic marriage of St Catherine] /$c[etched by Francesco Rosaspina after Parmigianino].
=264  \1$aParma :$b[Giambattista Bodoni],$c1809.
=264  \3$a[Parma] :$b[Giambattista Bodoni],$c[1809]
=300  \\$a1 print :$betching ;$cplatemark measures 168 x 118 mm
=336  \\$astill image$2rdacontent
=337  \\$aunmediated$2rdamedia
=338  \\$asheet$2rdacarrier
=340  \\$apaper
=380  \\$aPrints$2lcgft$1http://id.loc.gov/authorities/genreForms/gf2017027255
=500  \\$aThis plates comes from Bodoni's 'Parma Gallery', a series of plates reproducing paintings then in Parma. It was published as a book by Giambattista Bodoni in Parma (from his own press) in 1809. None of the plates bears any lettering, however the preface names Francesco Vieira as the draughtsman and Francesco Rosaspina as the engraver.
=510  4\$aBritish Museum catalogue,$c1852,0612.405
=520  \\$aThe mystic marriage of St Catherine; the saint, left, kneeling by a fragment of wheel and a sword, kissing the hand of the Child Christ, right, sitting on the Virgin's lap; St Joseph sitting behind them; the infant St John the Baptist in the foreground; angels hovering above; landscape in the background.
=561  \\$aCopy at 1266.g.6.(47.). Part of King George III's Library. Donated to the nation by King George IV (1762-1830).$5Uk
=580  \\$aPrint number 47 within the volume at 1266.g.6.
=600  00$aCatherine,$cof Alexandria, Saint$1http://isni.org/isni/0000000119705308
=600  00$aCatherine,$cof Siena, Saint,$d1347-1380$1http://isni.org/isni/0000000120966249
=600  07$aJesus Christ$2fast$0(OCoLC)fst00040116
=600  07$aJoseph,$cSaint$2fast$0(OCoLC)fst00047668
=600  07$aMary,$cBlessed Virgin, Saint$2fast$0(OCoLC)fst00068107
=630  07$aMystic marriage of St. Catherine (Correggio)$2fast$0(OCoLC)fst01367389
=655  \7$aEtchings.$2fast$0(OCoLC)fst01986248
=655  \7$aPrints.$2fast$0(OCoLC)fst01986254
=700  0\$aGeorge$bIII,$cKing of Great Britain,$d1738-1820,$eformer owner.$1http://isni.org/isni/0000000108986255$5Uk
=700  0\$aGeorge$bIV,$cKing of Great Britain,$d1762-1830,$edonor.$1http://isni.org/isni/0000000382368062$5Uk
=700  0\$aParmigianino,$d1503-1540,$eattributed name.$1http://isni.org/isni/0000000121222460
=700  1\$aVieira, Francisco,$d1765-1805,$edraftsman.$1http://isni.org/isni/000000006658496X
=773  0\$tPiu insigni pitture parmensi, indicate agli amatori delle belle arti$w(Uk)017524221
=852  4\$aBritish Library$bHMNTS$cDRT$jDigital Store 1266.g.6.
=985  \\$aUpgraded from British Museum record no: 1852,0612.405
=CAT  \\$a14185$b40$c20230804$lBLL01$h1310
=FIN  \\$aY$d20230802
=FMT  \\$a  VM
=LAS  \\$a14185$b40$c20230804$lBLL01$h1310
=LKR  \\$aANA$r773$b017524221$lBLL01$m[The mystic marriage of St Catherine]$nLe piu insigni pitture parmensi, indicate agli amatori delle belle arti

